% This file was created with JabRef 2.9.2.
% Encoding: UTF-8

@INPROCEEDINGS{albuquerque2009quality,
  author = {Albuquerque, Georgia and Eisemann, Martin and Lehmann, Dirk J and
	Theisel, Holger and Magnor, Marcus A},
  title = {Quality-Based Visualization Matrices.},
  booktitle = {VMV},
  year = {2009},
  pages = {341--350},
  __markedentry = {[chufanlai:1]},
  file = {:Quality-based visualization matrices.pdf:PDF},
  owner = {chufanlai},
  timestamp = {2015.04.08}
}

@INPROCEEDINGS{ankerst1998similarity,
  author = {Ankerst, Mihael and Berchtold, Stefan and Keim, Daniel A},
  title = {Similarity clustering of dimensions for an enhanced visualization
	of multidimensional data},
  booktitle = {Information Visualization, 1998. Proceedings. IEEE Symposium on},
  year = {1998},
  pages = {52--60},
  organization = {IEEE},
  __markedentry = {[chufanlai:1]},
  file = {:Similarity Clustering of Dimensions for an enhanced visualization of multidimensional data.pdf:PDF},
  owner = {chufanlai},
  timestamp = {2015.04.27}
}

@INPROCEEDINGS{artero2004uncovering,
  author = {Artero, Almir Olivette and de Oliveira, Maria Cristina Ferreira and
	Levkowitz, Haim},
  title = {Uncovering clusters in crowded parallel coordinates visualizations},
  booktitle = {Information Visualization, 2004. INFOVIS 2004. IEEE Symposium on},
  year = {2004},
  pages = {81--88},
  organization = {IEEE},
  __markedentry = {[chufanlai:1]},
  file = {:Uncovering clusters in crowded parallel coordinates visualizations.pdf:PDF},
  owner = {chufanlai},
  timestamp = {2015.04.08}
}

@ARTICLE{bachthaler2008continuous,
  author = {Bachthaler, Sven and Weiskopf, Daniel},
  title = {Continuous scatterplots},
  journal = {Visualization and Computer Graphics, IEEE Transactions on},
  year = {2008},
  volume = {14},
  pages = {1428--1435},
  number = {6},
  __markedentry = {[chufanlai:1]},
  file = {:Continuous Scatterplots.pdf:PDF},
  owner = {chufanlai},
  publisher = {IEEE},
  timestamp = {2015.05.04}
}

@INPROCEEDINGS{barlow2004animator,
  author = {Barlow, N and Stuart, Liz J},
  title = {Animator: A tool for the animation of parallel coordinates},
  booktitle = {Information Visualisation, 2004. IV 2004. Proceedings. Eighth International
	Conference on},
  year = {2004},
  pages = {725--730},
  organization = {IEEE},
  __markedentry = {[chufanlai:1]},
  file = {:Animator\: A Tool for the Animation of Parallel Coordinates .pdf:PDF},
  owner = {chufanlai},
  timestamp = {2015.04.08}
}

@ARTICLE{Bellman1962,
  author = {Bellman, Richard Ernest and Dreyfus, Stuart E},
  title = {Applied dynamic programming},
  year = {1962},
  __markedentry = {[chufanlai:5]},
  owner = {chufanlai},
  publisher = {Rand Corporation},
  timestamp = {2015.04.09}
}

@INPROCEEDINGS{bendix2005parallel,
  author = {Bendix, Fabian and Kosara, Robert and Hauser, Helwig},
  title = {Parallel sets: Visual analysis of categorical data},
  booktitle = {Information Visualization, 2005. INFOVIS 2005. IEEE Symposium on},
  year = {2005},
  pages = {133--140},
  organization = {IEEE},
  __markedentry = {[chufanlai:1]},
  file = {:Parallel sets\: Visual analysis of categorical data.pdf:PDF},
  owner = {chufanlai},
  timestamp = {2015.04.08}
}

@INPROCEEDINGS{berger2011uncertainty,
  author = {Berger, Wolfgang and Piringer, Harald and Filzmoser, Peter and Gr{\"o}ller,
	Eduard},
  title = {Uncertainty-Aware Exploration of Continuous Parameter Spaces Using
	Multivariate Prediction},
  booktitle = {Computer Graphics Forum},
  year = {2011},
  volume = {30},
  number = {3},
  pages = {911--920},
  organization = {Wiley Online Library},
  __markedentry = {[chufanlai:1]},
  file = {:Uncertainty-aware exploration of continuous parameter spaces using multivariate prediction.pdf:PDF},
  owner = {chufanlai},
  timestamp = {2015.04.08}
}

@ARTICLE{berthold2003visualizing,
  author = {Berthold, Michael R and Hall, Lawrence O},
  title = {Visualizing fuzzy points in parallel coordinates},
  journal = {Fuzzy Systems, IEEE Transactions on},
  year = {2003},
  volume = {11},
  pages = {369--374},
  number = {3},
  file = {:Visualizing Fuzzy Points in Parallel Coordinates.pdf:PDF},
  owner = {chufanlai},
  publisher = {IEEE},
  timestamp = {2015.05.25}
}

@ARTICLE{bertini2011quality,
  author = {Bertini, Enrico and Tatu, Andrada and Keim, Daniel},
  title = {Quality metrics in high-dimensional data visualization: an overview
	and systematization},
  journal = {Visualization and Computer Graphics, IEEE Transactions on},
  year = {2011},
  volume = {17},
  pages = {2203--2212},
  number = {12},
  __markedentry = {[chufanlai:1]},
  file = {:Quality Metrics in High-Dimensional Data Visualization\: An Overview and Systematization.pdf:PDF},
  owner = {chufanlai},
  publisher = {IEEE},
  timestamp = {2015.04.28}
}

@ARTICLE{blaas2008extensions,
  author = {Blaas, Jorik and Botha, Charl P and Post, Frits H},
  title = {Extensions of parallel coordinates for interactive exploration of
	large multi-timepoint data sets},
  journal = {Visualization and Computer Graphics, IEEE Transactions on},
  year = {2008},
  volume = {14},
  pages = {1436--1451},
  number = {6},
  __markedentry = {[chufanlai:1]},
  file = {:Extensions of parallel coordinates for interactive exploration of large multi-timepoint data sets.pdf:PDF},
  owner = {chufanlai},
  publisher = {IEEE},
  timestamp = {2015.04.08}
}

@ARTICLE{caat2007design,
  author = {Caat, M ten and Maurits, Natasha M and Roerdink, Jos BTM},
  title = {Design and evaluation of tiled parallel coordinate visualization
	of multichannel EEG data},
  journal = {Visualization and Computer Graphics, IEEE Transactions on},
  year = {2007},
  volume = {13},
  pages = {70--79},
  number = {1},
  __markedentry = {[chufanlai:1]},
  file = {:Design and evaluation of tiled parallel coordinate visualization of multichannel EEG data.pdf:PDF},
  owner = {chufanlai},
  publisher = {IEEE},
  timestamp = {2015.04.08}
}

@ARTICLE{claessen2011flexible,
  author = {Claessen, Jarry HT and Van Wijk, Jarke J},
  title = {Flexible linked axes for multivariate data visualization},
  journal = {Visualization and Computer Graphics, IEEE Transactions on},
  year = {2011},
  volume = {17},
  pages = {2310--2316},
  number = {12},
  __markedentry = {[chufanlai:1]},
  file = {:Flexible linked axes for multivariate data visualization.pdf:PDF},
  owner = {chufanlai},
  publisher = {IEEE},
  timestamp = {2015.04.08}
}

@BOOK{cleveland1988dynamic,
  title = {Dynamic graphics for statistics},
  publisher = {CRC Press, Inc.},
  year = {1988},
  author = {Cleveland, William C and McGill, Marylyn E},
  __markedentry = {[chufanlai:3]},
  owner = {chufanlai},
  timestamp = {2015.04.09}
}

@INPROCEEDINGS{collins2009parallel,
  author = {Collins, Christopher and Viegas, Fernanda B and Wattenberg, Martin},
  title = {Parallel tag clouds to explore and analyze faceted text corpora},
  booktitle = {Visual Analytics Science and Technology, 2009. VAST 2009. IEEE Symposium
	on},
  year = {2009},
  pages = {91--98},
  organization = {IEEE},
  __markedentry = {[chufanlai:1]},
  file = {:Parallel Coordinates tag clouds to explore and analyze faceted text corpora.pdf:PDF},
  owner = {chufanlai},
  timestamp = {2015.04.08}
}

@ARTICLE{dang2010stacking,
  author = {Dang, Tuan Nhon and Wilkinson, Leland and Anand, Anushka},
  title = {Stacking graphic elements to avoid over-plotting},
  journal = {Visualization and Computer Graphics, IEEE Transactions on},
  year = {2010},
  volume = {16},
  pages = {1044--1052},
  number = {6},
  __markedentry = {[chufanlai:1]},
  file = {:Stacking Graphic Elements to Avoid Over-Plotting.pdf:PDF},
  owner = {chufanlai},
  publisher = {IEEE},
  timestamp = {2015.04.08}
}

@INPROCEEDINGS{dasgupta2012conceptualizing,
  author = {Dasgupta, Aritra and Chen, Min and Kosara, Robert},
  title = {Conceptualizing visual uncertainty in parallel coordinates},
  booktitle = {Computer Graphics Forum},
  year = {2012},
  volume = {31},
  number = {3pt2},
  pages = {1015--1024},
  organization = {Wiley Online Library},
  __markedentry = {[chufanlai:1]},
  file = {:Conceptualizing visual uncertainty in parallel coordinates.pdf:PDF},
  owner = {chufanlai},
  timestamp = {2015.04.08}
}

@ARTICLE{dasgupta2011adaptive,
  author = {Dasgupta, Aritra and Kosara, Robert},
  title = {Adaptive privacy-preserving visualization using parallel coordinates},
  journal = {Visualization and Computer Graphics, IEEE Transactions on},
  year = {2011},
  volume = {17},
  pages = {2241--2248},
  number = {12},
  __markedentry = {[chufanlai:1]},
  file = {:Adaptive privacy-preserving visualization using parallel coordinates.pdf:PDF},
  owner = {chufanlai},
  publisher = {IEEE},
  timestamp = {2015.04.10}
}

@ARTICLE{dasgupta2010pargnostics,
  author = {Dasgupta, Aritra and Kosara, Robert},
  title = {Pargnostics: Screen-space metrics for parallel coordinates},
  journal = {Visualization and Computer Graphics, IEEE Transactions on},
  year = {2010},
  volume = {16},
  pages = {1017--1026},
  number = {6},
  __markedentry = {[chufanlai:1]},
  file = {:Pargnostics\: Screen-space metrics for parallel coordinates.pdf:PDF},
  owner = {chufanlai},
  publisher = {IEEE},
  timestamp = {2015.04.26}
}

@INPROCEEDINGS{dietzsch2009spray,
  author = {Dietzsch, Janko and Heinrich, Julian and Nieselt, Kay and Bartz,
	Dirk},
  title = {Spray: A visual analytics approach for gene expression data},
  booktitle = {Visual Analytics Science and Technology, 2009. VAST 2009. IEEE Symposium
	on},
  year = {2009},
  pages = {179--186},
  organization = {IEEE},
  __markedentry = {[chufanlai:1]},
  file = {:SpRay\: A Visual Analytics Approach for Gene Expression Data.pdf:PDF},
  owner = {chufanlai},
  timestamp = {2015.05.02}
}

@ARTICLE{edsall2003parallel,
  author = {Edsall, Robert M},
  title = {The parallel coordinate plot in action: design and use for geographic
	visualization},
  journal = {Computational Statistics \& Data Analysis},
  year = {2003},
  volume = {43},
  pages = {605--619},
  number = {4},
  __markedentry = {[chufanlai:1]},
  file = {:The parallel coordinate plot in action\: design and 3 use for geographic visualization.pdf:PDF},
  owner = {chufanlai},
  publisher = {Elsevier},
  timestamp = {2015.05.02}
}

@INPROCEEDINGS{ellis2005sampling,
  author = {Ellis, Geoffrey and Bertini, Enrico and Dix, Alan},
  title = {The sampling lens: making sense of saturated visualisations},
  booktitle = {CHI'05 Extended Abstracts on Human Factors in Computing Systems},
  year = {2005},
  pages = {1351--1354},
  organization = {ACM},
  __markedentry = {[chufanlai:1]},
  file = {:The Sampling Lens\: Making Sense of Saturated Visualisations.pdf:PDF},
  owner = {chufanlai},
  timestamp = {2015.05.25}
}

@ARTICLE{ellis2006enabling,
  author = {Ellis, Geoffrey and Dix, Alan},
  title = {Enabling automatic clutter reduction in parallel coordinate plots},
  journal = {Visualization and Computer Graphics, IEEE Transactions on},
  year = {2006},
  volume = {12},
  pages = {717--724},
  number = {5},
  __markedentry = {[chufanlai:1]},
  file = {:Enabling automatic clutter reduction in parallel coordinate plots.pdf:PDF},
  owner = {chufanlai},
  publisher = {IEEE},
  timestamp = {2015.04.08}
}

@INPROCEEDINGS{fanea2005interactive,
  author = {Fanea, Elena and Carpendale, Sheelagh and Isenberg, Tobias},
  title = {An interactive 3d integration of parallel coordinates and star glyphs},
  booktitle = {Information Visualization, 2005. INFOVIS 2005. IEEE Symposium on},
  year = {2005},
  pages = {149--156},
  organization = {IEEE},
  __markedentry = {[chufanlai:1]},
  file = {:An interactive 3D integration of parallel coordinates and star glyphs.pdf:PDF},
  owner = {chufanlai},
  timestamp = {2015.04.08}
}

@ARTICLE{feng2010matching,
  author = {Feng, David and Kwock, Lester and Lee, Yueh and Taylor, Russell M},
  title = {Matching visual saliency to confidence in plots of uncertain data},
  journal = {Visualization and Computer Graphics, IEEE Transactions on},
  year = {2010},
  volume = {16},
  pages = {980--989},
  number = {6},
  __markedentry = {[chufanlai:1]},
  file = {:Matching visual saliency to confidence in plots of uncertain data.pdf:PDF},
  owner = {chufanlai},
  publisher = {IEEE},
  timestamp = {2015.04.08}
}

@INPROCEEDINGS{ferdosi2011visualizing,
  author = {Ferdosi, Bilkis J and Roerdink, Jos BTM},
  title = {Visualizing High-Dimensional Structures by Dimension Ordering and
	Filtering using Subspace Analysis},
  booktitle = {Computer Graphics Forum},
  year = {2011},
  volume = {30},
  number = {3},
  pages = {1121--1130},
  organization = {Wiley Online Library},
  __markedentry = {[chufanlai:1]},
  file = {:Visualizing high-dimensional structures by dimension ordering and filtering using subspace analysis.pdf:PDF},
  owner = {chufanlai},
  timestamp = {2015.04.08}
}

@ARTICLE{fodor2002survey,
  author = {Fodor, Imola K},
  title = {A survey of dimension reduction techniques},
  year = {2002},
  __markedentry = {[chufanlai:3]},
  file = {:A survey of dimension reduction techniques.pdf:PDF},
  owner = {chufanlai},
  timestamp = {2015.04.09}
}

@ARTICLE{fua2000structure,
  author = {Fua, Ying-Huey and Ward, Matthew O and Rundensteiner, Elke A},
  title = {Structure-based brushes: A mechanism for navigating hierarchically
	organized data and information spaces},
  journal = {Visualization and Computer Graphics, IEEE Transactions on},
  year = {2000},
  volume = {6},
  pages = {150--159},
  number = {2},
  __markedentry = {[chufanlai:1]},
  file = {:Structure-based brushes\: a mechanism for navigating hierarchically organized data and information spaces.pdf:PDF},
  owner = {chufanlai},
  publisher = {IEEE},
  timestamp = {2015.04.08}
}

@INPROCEEDINGS{fua1999hierarchical,
  author = {Fua, Ying-Huey and Ward, Matthew O and Rundensteiner, Elke A},
  title = {Hierarchical parallel coordinates for exploration of large datasets},
  booktitle = {Proceedings of the conference on Visualization'99: celebrating ten
	years},
  year = {1999},
  pages = {43--50},
  organization = {IEEE Computer Society Press},
  __markedentry = {[chufanlai:1]},
  file = {:Hierarchical parallel coordinates for exploration of large datasets.pdf:PDF},
  owner = {chufanlai},
  timestamp = {2015.04.08}
}

@INPROCEEDINGS{fua1999navigating,
  author = {Fua, Ying-Huey and Ward, Matthew O and Rundensteiner, Elke A},
  title = {Navigating hierarchies with structure-based brushes},
  booktitle = {Information Visualization, 1999.(Info Vis' 99) Proceedings. 1999
	IEEE Symposium on},
  year = {1999},
  pages = {58--64},
  organization = {IEEE},
  __markedentry = {[chufanlai:1]},
  file = {:Hierarchical parallel coordinates for exploration of large datasets.pdf:PDF},
  owner = {chufanlai},
  timestamp = {2015.04.08}
}

@ARTICLE{geng2011angular,
  author = {Geng, Zhao and Peng, ZhenMin and Laramee, Robert S and Roberts, Jonathan
	C and Walker, Rick},
  title = {Angular histograms: Frequency-based visualizations for large, high
	dimensional data},
  journal = {Visualization and Computer Graphics, IEEE Transactions on},
  year = {2011},
  volume = {17},
  pages = {2572--2580},
  number = {12},
  __markedentry = {[chufanlai:1]},
  file = {:Angular histograms\: Frequency-based visualiza- tions for large, high dimensional data.pdf:PDF},
  owner = {chufanlai},
  publisher = {IEEE},
  timestamp = {2015.04.08}
}

@INPROCEEDINGS{graham2003using,
  author = {Graham, Martin and Kennedy, Jessie},
  title = {Using curves to enhance parallel coordinate visualisations},
  booktitle = {Information Visualization, 2003. IV 2003. Proceedings. Seventh International
	Conference on},
  year = {2003},
  pages = {10--16},
  organization = {IEEE},
  __markedentry = {[chufanlai:1]},
  file = {:Using curves to enhance parallel coordinate visualisations.pdf:PDF},
  owner = {chufanlai},
  timestamp = {2015.04.08}
}

@ARTICLE{gratzl2013lineup,
  author = {Gratzl, Samuel and Lex, Alexander and Gehlenborg, Nils and Pfister,
	Hanspeter and Streit, Marc},
  title = {Lineup: Visual analysis of multi-attribute rankings},
  journal = {Visualization and Computer Graphics, IEEE Transactions on},
  year = {2013},
  volume = {19},
  pages = {2277--2286},
  number = {12},
  __markedentry = {[chufanlai:1]},
  file = {:Lineup\: Visual analysis of multi-attribute rankings.pdf:PDF},
  owner = {chufanlai},
  publisher = {IEEE},
  timestamp = {2015.04.29}
}

@INPROCEEDINGS{grinstein2001high,
  author = {Grinstein, Georges and Trutschl, Marjan and Cvek, Urska},
  title = {High-dimensional visualizations},
  booktitle = {Data mining conference KDD workshop 2001},
  year = {2001},
  pages = {7--19},
  __markedentry = {[chufanlai:1]},
  file = {:High-dimensional visualizations.pdf:PDF},
  owner = {chufanlai},
  timestamp = {2015.04.09}
}

@INPROCEEDINGS{guo2011tripvista,
  author = {Guo, Hanqi and Wang, Zuchao and Yu, Bowen and Zhao, Huijing and Yuan,
	Xiaoru},
  title = {TripVista: Triple perspective visual trajectory analytics and its
	application on microscopic traffic data at a road intersection},
  booktitle = {Pacific Visualization Symposium (PacificVis), 2011 IEEE},
  year = {2011},
  pages = {163--170},
  organization = {IEEE},
  __markedentry = {[chufanlai:1]},
  file = {:TripVista\: triple perspective visual trajectory analytics and its ap- plication on microscopic traffic data at a road intersection.pdf:PDF},
  owner = {chufanlai},
  timestamp = {2015.04.08}
}

@INPROCEEDINGS{guo2011multi,
  author = {Guo, Hanqi and Xiao, He and Yuan, Xiaoru},
  title = {Multi-dimensional transfer function design based on flexible dimension
	projection embedded in parallel coordinates},
  booktitle = {Pacific Visualization Symposium (PacificVis), 2011 IEEE},
  year = {2011},
  pages = {19--26},
  organization = {IEEE},
  __markedentry = {[chufanlai:1]},
  file = {:Multi-dimensional transfer function design based on flexible dimension projection embedded in parallel coordinates.pdf:PDF},
  owner = {chufanlai},
  timestamp = {2015.04.08}
}

@INPROCEEDINGS{guo2010interactive,
  author = {Guo, Peihong and Xiao, He and Wang, Zuchao and Yuan, Xiaoru},
  title = {Interactive local clustering operations for high dimensional data
	in parallel coordinates},
  booktitle = {Pacific Visualization Symposium (PacificVis), 2010 IEEE},
  year = {2010},
  pages = {97--104},
  organization = {IEEE},
  __markedentry = {[chufanlai:1]},
  file = {:Interactive local clustering operations for high dimensional data in parallel coordinates.pdf:PDF},
  owner = {chufanlai},
  timestamp = {2015.04.08}
}

@INPROCEEDINGS{hauser2002angular,
  author = {Hauser, Helwig and Ledermann, Florian and Doleisch, Helmut},
  title = {Angular brushing of extended parallel coordinates},
  booktitle = {Information Visualization, 2002. INFOVIS 2002. IEEE Symposium on},
  year = {2002},
  pages = {127--130},
  organization = {IEEE},
  __markedentry = {[chufanlai:1]},
  file = {:Angular brushing of extended parallel coordinates.pdf:PDF},
  owner = {chufanlai},
  timestamp = {2015.04.08}
}

@INPROCEEDINGS{heinrich2011progressive,
  author = {Heinrich, Julian and Bachthaler, Sven and Weiskopf, Daniel},
  title = {Progressive splatting of continuous scatterplots and parallel coordinates},
  booktitle = {Computer Graphics Forum},
  year = {2011},
  volume = {30},
  number = {3},
  pages = {653--662},
  organization = {Wiley Online Library},
  __markedentry = {[chufanlai:1]},
  file = {:Progressive splatting of continuous scatterplots and parallel coordinates.pdf:PDF},
  owner = {chufanlai},
  timestamp = {2015.04.08}
}

@ARTICLE{heinrich2011evaluation,
  author = {Heinrich, Julian and Luo, Yuan and Kirkpatrick, Arthur E and Zhang,
	Hao and Weiskopf, Daniel},
  title = {Evaluation of a bundling technique for parallel coordinates},
  journal = {arXiv preprint arXiv:1109.6073},
  year = {2011},
  __markedentry = {[chufanlai:1]},
  file = {:Evaluation of a bundling technique for parallel coordinates.pdf:PDF},
  owner = {chufanlai},
  timestamp = {2015.04.08}
}

@ARTICLE{heinrich2012parallel,
  author = {Heinrich, J and Stasko, J and Weiskopf, D},
  title = {The parallel coordinates matrix},
  journal = {EuroVis--Short Papers},
  year = {2012},
  pages = {37--41},
  __markedentry = {[chufanlai:1]},
  file = {:The parallel coordinates matrix.pdf:PDF},
  owner = {chufanlai},
  timestamp = {2015.04.08}
}

@ARTICLE{heinrich2013state,
  author = {Heinrich, Julian and Weiskopf, Daniel},
  title = {State of the art of parallel coordinates},
  journal = {STAR Proceedings of Eurographics},
  year = {2013},
  volume = {2013},
  pages = {95--116},
  __markedentry = {[chufanlai:1]},
  file = {:State of the art of parallel coordinates.pdf:PDF},
  owner = {chufanlai},
  timestamp = {2015.04.06}
}

@ARTICLE{heinrich2009continuous,
  author = {Heinrich, Julian and Weiskopf, Daniel},
  title = {Continuous parallel coordinates},
  journal = {Visualization and Computer Graphics, IEEE Transactions on},
  year = {2009},
  volume = {15},
  pages = {1531--1538},
  number = {6},
  __markedentry = {[chufanlai:1]},
  file = {:Continuous parallel coordinates.pdf:PDF},
  owner = {chufanlai},
  publisher = {IEEE},
  timestamp = {2015.04.06}
}

@INPROCEEDINGS{hoffman1999dimensional,
  author = {Hoffman, Patrick and Grinstein, Georges and Pinkney, David},
  title = {Dimensional anchors: a graphic primitive for multidimensional multivariate
	information visualizations},
  booktitle = {Proceedings of the 1999 workshop on new paradigms in information
	visualization and manipulation in conjunction with the eighth ACM
	internation conference on Information and knowledge management},
  year = {1999},
  pages = {9--16},
  organization = {ACM},
  __markedentry = {[chufanlai:3]},
  file = {:Dimensional anchors\: a graphic primitive for multidimensional multivariate information visualizations.pdf:PDF},
  owner = {chufanlai},
  timestamp = {2015.04.09}
}

@ARTICLE{hofmann2013common,
  author = {Hofmann, Heike and Vendettuoli, Marie},
  title = {Common angle plots as perception-true visualizations of categorical
	associations},
  journal = {Visualization and Computer Graphics, IEEE Transactions on},
  year = {2013},
  volume = {19},
  pages = {2297--2305},
  number = {12},
  __markedentry = {[chufanlai:1]},
  file = {:Common Angle Plots as Perception-True Visualizations of Categorical Associations.pdf:PDF},
  owner = {chufanlai},
  publisher = {IEEE},
  timestamp = {2015.04.28}
}

@INPROCEEDINGS{holten2010evaluation,
  author = {Holten, Danny and Van Wijk, Jarke J},
  title = {Evaluation of cluster identification performance for different PCP
	variants},
  booktitle = {Computer Graphics Forum},
  year = {2010},
  volume = {29},
  number = {3},
  pages = {793--802},
  organization = {Wiley Online Library},
  __markedentry = {[chufanlai:1]},
  file = {:Evaluation of cluster iden- tification performance for different PCP variants.pdf:PDF},
  owner = {chufanlai},
  timestamp = {2015.04.08}
}

@BOOK{inselberg2009parallel,
  title = {Parallel coordinates},
  publisher = {Springer},
  year = {2009},
  author = {Inselberg, Alfred},
  __markedentry = {[chufanlai:1]},
  owner = {chufanlai},
  timestamp = {2015.04.22}
}

@ARTICLE{inselberg1985plane,
  author = {Inselberg, Alfred},
  title = {The plane with parallel coordinates},
  journal = {The Visual Computer},
  year = {1985},
  volume = {1},
  pages = {69--91},
  number = {2},
  __markedentry = {[chufanlai:1]},
  file = {:The plane with parallel coordinates.pdf:PDF},
  owner = {chufanlai},
  publisher = {Springer},
  timestamp = {2015.04.06}
}

@INPROCEEDINGS{146402,
  author = {Inselberg, A. and Dimsdale, Bernard},
  title = {Parallel coordinates: a tool for visualizing multi-dimensional geometry},
  booktitle = {Visualization, 1990. Visualization '90., Proceedings of the First
	IEEE Conference on},
  year = {1990},
  pages = {361-378},
  month = {Oct},
  __markedentry = {[chufanlai:1]},
  doi = {10.1109/VISUAL.1990.146402},
  file = {:Parallel coordinates\: a tool for visualizing multi-dimensional geometry.pdf:PDF},
  keywords = {computational geometry;computer graphics;N-dimensional;hypersurface;interior
	point;multivariate data;nonprojective mapping;parallel coordinates;planar
	images;two-dimensional sets;visualizing multi-dimensional geometry;Air
	traffic control;Application software;Computational geometry;Computer
	displays;Computer science;Orbital robotics;Robot kinematics;Robot
	vision systems;Statistics;Visualization},
  owner = {chufanlai},
  timestamp = {2015.04.08}
}

@INPROCEEDINGS{johansson2008screen,
  author = {Johansson, Jimmy and Cooper, Matthew},
  title = {A screen space quality method for data abstraction},
  booktitle = {Computer Graphics Forum},
  year = {2008},
  volume = {27},
  number = {3},
  pages = {1039--1046},
  organization = {Wiley Online Library},
  __markedentry = {[chufanlai:1]},
  file = {:A screen space quality method for data abstraction.pdf:PDF},
  owner = {chufanlai},
  timestamp = {2015.04.08}
}

@INPROCEEDINGS{johansson20053,
  author = {Johansson, Jimmy and Cooper, Matthew and Jern, Mikael},
  title = {3-dimensional display for clustered multi-relational parallel coordinates},
  booktitle = {Information Visualisation, 2005. Proceedings. Ninth International
	Conference on},
  year = {2005},
  pages = {188--193},
  organization = {IEEE},
  __markedentry = {[chufanlai:1]},
  file = {:3-dimensional display for clustered multi-relational parallel coordinates.pdf:PDF},
  owner = {chufanlai},
  timestamp = {2015.04.08}
}

@ARTICLE{johansson2008perceiving,
  author = {Johansson, Jimmy and Forsell, Camilla and Lind, Mats and Cooper,
	Matthew},
  title = {Perceiving patterns in parallel coordinates: determining thresholds
	for identification of relationships},
  journal = {Information Visualization},
  year = {2008},
  volume = {7},
  pages = {152--162},
  number = {2},
  __markedentry = {[chufanlai:1]},
  file = {:Perceiving patterns in parallel coordinates\: determining thresh- olds for identification of relationships.pdf:PDF},
  owner = {chufanlai},
  publisher = {SAGE Publications},
  timestamp = {2015.04.08}
}

@INPROCEEDINGS{johansson2007depth,
  author = {Johansson, Jimmy and Ljung, Patric and Cooper, Matthew D},
  title = {Depth Cues and Density in Temporal Parallel Coordinates.},
  booktitle = {EuroVis},
  year = {2007},
  volume = {7},
  pages = {35--42},
  __markedentry = {[chufanlai:1]},
  file = {:Depth cues and density in temporal parallel coordinates.pdf:PDF},
  owner = {chufanlai},
  timestamp = {2015.04.08}
}

@ARTICLE{johansson2006revealing,
  author = {Johansson, Jimmy and Ljung, Patric and Jern, Mikael and Cooper, Matthew},
  title = {Revealing structure in visualizations of dense 2D and 3D parallel
	coordinates},
  journal = {Information Visualization},
  year = {2006},
  volume = {5},
  pages = {125--136},
  number = {2},
  __markedentry = {[chufanlai:1]},
  file = {:Revealing structure in visualizations of dense 2d and 3d parallel coordinates.pdf:PDF},
  owner = {chufanlai},
  publisher = {SAGE Publications},
  timestamp = {2015.05.20}
}

@INPROCEEDINGS{johansson2005revealing,
  author = {Johansson, Jimmy and Ljung, Patric and Jern, Mikael and Cooper, Matthew},
  title = {Revealing structure within clustered parallel coordinates displays},
  booktitle = {Information Visualization, 2005. INFOVIS 2005. IEEE Symposium on},
  year = {2005},
  pages = {125--132},
  organization = {IEEE},
  __markedentry = {[chufanlai:1]},
  file = {:Revealing structure within clustered parallel coordinates displays.pdf:PDF},
  owner = {chufanlai},
  timestamp = {2015.04.08}
}

@ARTICLE{johansson2009interactive,
  author = {Johansson, Sara and Johansson, Jimmy},
  title = {Interactive dimensionality reduction through user-defined combinations
	of quality metrics},
  journal = {Visualization and Computer Graphics, IEEE Transactions on},
  year = {2009},
  volume = {15},
  pages = {993--1000},
  number = {6},
  __markedentry = {[chufanlai:1]},
  file = {:Interactive Dimensionality Reduction Through User-defined.pdf:PDF},
  owner = {chufanlai},
  publisher = {IEEE},
  timestamp = {2015.04.24}
}

@INPROCEEDINGS{kandogan2000star,
  author = {Kandogan, Eser},
  title = {Star coordinates: A multi-dimensional visualization technique with
	uniform treatment of dimensions},
  booktitle = {Proceedings of the IEEE Information Visualization Symposium},
  year = {2000},
  volume = {650},
  pages = {22},
  __markedentry = {[chufanlai:3]},
  file = {:Star coordinates\: A multi-dimensional visualization technique with uniform treatment of dimensions.pdf:PDF},
  owner = {chufanlai},
  timestamp = {2015.04.09}
}

@ARTICLE{kosara2006parallel,
  author = {Kosara, Robert and Bendix, Fabian and Hauser, Helwig},
  title = {Parallel sets: Interactive exploration and visual analysis of categorical
	data},
  journal = {Visualization and Computer Graphics, IEEE Transactions on},
  year = {2006},
  volume = {12},
  pages = {558--568},
  number = {4},
  __markedentry = {[chufanlai:1]},
  file = {:Parallel sets\: Interactive exploration and visual analysis of categorical data.pdf:PDF},
  owner = {chufanlai},
  publisher = {IEEE},
  timestamp = {2015.04.08}
}

@ARTICLE{lee2014structure,
  author = {Lee, Jenny Hyunjung and McDonnell, Kevin T and Zelenyuk, Alla and
	Imre, Dan and Mueller, Klaus},
  title = {A Structure-Based Distance Metric for High-Dimensional Space Exploration
	with Multidimensional Scaling},
  journal = {Visualization and Computer Graphics, IEEE Transactions on},
  year = {2014},
  volume = {20},
  pages = {351--364},
  number = {3},
  __markedentry = {[chufanlai:5]},
  file = {:A Structure-Based Distance Metric for High-Dimensional Space Exploration with Multidimensional Scaling.pdf:PDF},
  owner = {chufanlai},
  publisher = {IEEE},
  timestamp = {2015.04.09}
}

@ARTICLE{lehmann2011features,
  author = {Lehmann, Dirk J and Theisel, Holger},
  title = {Features in continuous parallel coordinates},
  journal = {Visualization and Computer Graphics, IEEE Transactions on},
  year = {2011},
  volume = {17},
  pages = {1912--1921},
  number = {12},
  __markedentry = {[chufanlai:1]},
  file = {:Features in continuous parallel coordinates.pdf:PDF},
  owner = {chufanlai},
  publisher = {IEEE},
  timestamp = {2015.04.08}
}

@ARTICLE{li2010judging,
  author = {Li, Jing and Martens, Jean-Bernard and Van Wijk, Jarke J},
  title = {Judging correlation from scatterplots and parallel coordinate plots},
  journal = {Information Visualization},
  year = {2010},
  volume = {9},
  pages = {13--30},
  number = {1},
  __markedentry = {[chufanlai:1]},
  file = {:Judging correlation from scatterplots and parallel coordinate plots.pdf:PDF},
  owner = {chufanlai},
  publisher = {SAGE Publications},
  timestamp = {2015.04.08}
}

@INPROCEEDINGS{lind2009many,
  author = {Lind, Mats and Johansson, Jimmy and Cooper, Matthew},
  title = {Many-to-many relational parallel coordinates displays},
  booktitle = {Information Visualisation, 2009 13th International Conference},
  year = {2009},
  pages = {25--31},
  organization = {IEEE},
  __markedentry = {[chufanlai:1]},
  file = {:Many-to-many relational parallel coordinates displays.pdf:PDF},
  owner = {chufanlai},
  timestamp = {2015.04.08}
}

@INPROCEEDINGS{martin1995high,
  author = {Martin, Allen R and Ward, Matthew O},
  title = {High dimensional brushing for interactive exploration of multivariate
	data},
  booktitle = {Proceedings of the 6th Conference on Visualization'95},
  year = {1995},
  pages = {271},
  organization = {IEEE Computer Society},
  __markedentry = {[chufanlai:1]},
  file = {:High dimensional brushing for interactive exploration of multivariate data.pdf:PDF},
  owner = {chufanlai},
  timestamp = {2015.04.28}
}

@INPROCEEDINGS{mcdonnell2008illustrative,
  author = {McDonnell, Kevin T and Mueller, Klaus},
  title = {Illustrative parallel coordinates},
  booktitle = {Computer Graphics Forum},
  year = {2008},
  volume = {27},
  number = {3},
  pages = {1031--1038},
  organization = {Wiley Online Library},
  __markedentry = {[chufanlai:1]},
  file = {:Illustrative parallel coordinates.pdf:PDF},
  owner = {chufanlai},
  timestamp = {2015.04.08}
}

@INPROCEEDINGS{moustafa2002some,
  author = {Moustafa, Rida EA and Wegman, Edward J},
  title = {On some generalizations of parallel coordinate plots},
  booktitle = {Seeing a Million--A Data Visualization Workshop},
  year = {2002},
  pages = {41--48},
  __markedentry = {[chufanlai:1]},
  file = {:On some generalizations of parallel coordinate plots.pdf:PDF},
  owner = {chufanlai},
  timestamp = {2015.04.09}
}

@INPROCEEDINGS{muigg2011visual,
  author = {Muigg, Philipp and Hadwiger, Markus and Doleisch, Helmut and Gr{\"o}ller,
	Eduard},
  title = {Visual Coherence for Large-Scale Line-Plot Visualizations},
  booktitle = {Computer Graphics Forum},
  year = {2011},
  volume = {30},
  number = {3},
  pages = {643--652},
  organization = {Wiley Online Library},
  __markedentry = {[chufanlai:1]},
  file = {:Visual Coherence for Large‐Scale Line‐Plot Visualizations.pdf:PDF},
  owner = {chufanlai},
  timestamp = {2015.04.08}
}

@ARTICLE{novotny2006outlier,
  author = {Novotny, Matej and Hauser, Helwig},
  title = {Outlier-preserving focus+ context visualization in parallel coordinates},
  journal = {Visualization and Computer Graphics, IEEE Transactions on},
  year = {2006},
  volume = {12},
  pages = {893--900},
  number = {5},
  __markedentry = {[chufanlai:1]},
  file = {:Outlier-preserving focus+ context visualization in parallel coordinates.pdf:PDF},
  owner = {chufanlai},
  publisher = {IEEE},
  timestamp = {2015.04.08}
}

@INPROCEEDINGS{palmas2014edge,
  author = {Palmas, Gregorio and Bachynskyi, Myroslav and Oulasvirta, Antti and
	Seidel, Hans Peter and Weinkauf, Tino},
  title = {An edge-bundling layout for interactive parallel coordinates},
  booktitle = {Pacific Visualization Symposium (PacificVis), 2014 IEEE},
  year = {2014},
  pages = {57--64},
  organization = {IEEE},
  __markedentry = {[chufanlai:1]},
  file = {:An edge-bundling layout for interactive parallel coordinates.pdf:PDF},
  owner = {chufanlai},
  timestamp = {2015.04.09}
}

@ARTICLE{pang1997approaches,
  author = {Pang, Alex T and Wittenbrink, Craig M and Lodha, Suresh K},
  title = {Approaches to uncertainty visualization},
  journal = {The Visual Computer},
  year = {1997},
  volume = {13},
  pages = {370--390},
  number = {8},
  __markedentry = {[chufanlai:1]},
  file = {:Approaches to uncertainty visualization.pdf:PDF},
  owner = {chufanlai},
  publisher = {Springer},
  timestamp = {2015.05.06}
}

@INPROCEEDINGS{peng2004clutter,
  author = {Peng, Wei and Ward, Matthew O and Rundensteiner, Elke A},
  title = {Clutter reduction in multi-dimensional data visualization using dimension
	reordering},
  booktitle = {Information Visualization, 2004. INFOVIS 2004. IEEE Symposium on},
  year = {2004},
  pages = {89--96},
  organization = {IEEE},
  __markedentry = {[chufanlai:1]},
  file = {:Clutter reduction in multi-dimensional data visualization using dimension reordering.pdf:PDF},
  owner = {chufanlai},
  timestamp = {2015.04.08}
}

@ARTICLE{qu2007visual,
  author = {Qu, Huamin and Chan, Wing-Yi and Xu, Anbang and Chung, Kai-Lun and
	Lau, Kai-Hon and Guo, Ping},
  title = {Visual analysis of the air pollution problem in Hong Kong},
  journal = {Visualization and Computer Graphics, IEEE Transactions on},
  year = {2007},
  volume = {13},
  pages = {1408--1415},
  number = {6},
  __markedentry = {[chufanlai:1]},
  file = {:Visual analysis of the air pollution problem in Hong Kong.pdf:PDF},
  owner = {chufanlai},
  publisher = {IEEE},
  timestamp = {2015.04.08}
}

@ARTICLE{rosario2004mapping,
  author = {Rosario, Geraldine E and Rundensteiner, Elke A and Brown, David C
	and Ward, Matthew O and Huang, Shiping},
  title = {Mapping nominal values to numbers for effective visualization},
  journal = {Information Visualization},
  year = {2004},
  volume = {3},
  pages = {80--95},
  number = {2},
  __markedentry = {[chufanlai:1]},
  file = {:Mapping Nominal Values to Numbers for Effective Visualization.pdf:PDF},
  owner = {chufanlai},
  publisher = {SAGE Publications},
  timestamp = {2015.04.26}
}

@INPROCEEDINGS{rosenbaum2012progressive,
  author = {Rosenbaum, Ren{\'e} and Zhi, Jian and Hamann, Bernd},
  title = {Progressive parallel coordinates},
  booktitle = {Pacific Visualization Symposium (PacificVis), 2012 IEEE},
  year = {2012},
  pages = {25--32},
  organization = {IEEE},
  __markedentry = {[chufanlai:1]},
  file = {:Progressive parallel coordinates.pdf:PDF},
  owner = {chufanlai},
  timestamp = {2015.04.08}
}

@INPROCEEDINGS{siirtola2000direct,
  author = {Siirtola, Harri},
  title = {Direct manipulation of parallel coordinates},
  booktitle = {Information Visualization, 2000. Proceedings. IEEE International
	Conference on},
  year = {2000},
  pages = {373--378},
  organization = {IEEE},
  __markedentry = {[chufanlai:1]},
  file = {:Direct manipulation of parallel coordinates.pdf:PDF},
  owner = {chufanlai},
  timestamp = {2015.04.08}
}

@INPROCEEDINGS{siirtola2009visual,
  author = {Siirtola, Harri and Laivo, Tuuli and Heimonen, Tomi and Raiha, K-J},
  title = {Visual perception of parallel coordinate visualizations},
  booktitle = {Information Visualisation, 2009 13th International Conference},
  year = {2009},
  pages = {3--9},
  organization = {IEEE},
  __markedentry = {[chufanlai:1]},
  file = {:Visual perception of parallel coordinate visualizations.pdf:PDF},
  owner = {chufanlai},
  timestamp = {2015.04.08}
}

@ARTICLE{siirtola2006interacting,
  author = {Siirtola, Harri and R{\"a}ih{\"a}, Kari-Jouko},
  title = {Interacting with parallel coordinates},
  journal = {Interacting with Computers},
  year = {2006},
  volume = {18},
  pages = {1278--1309},
  number = {6},
  __markedentry = {[chufanlai:1]},
  file = {:Interacting with parallel coordinates.pdf:PDF},
  owner = {chufanlai},
  publisher = {Oxford University Press},
  timestamp = {2015.04.08}
}

@ARTICLE{tatu2011automated,
  author = {Tatu, Andrada and Albuquerque, Georgia and Eisemann, Martin and Bak,
	Peter and Theisel, Holger and Magnor, Marcus and Keim, Daniel},
  title = {Automated analytical methods to support visual exploration of high-dimensional
	data},
  journal = {Visualization and Computer Graphics, IEEE Transactions on},
  year = {2011},
  volume = {17},
  pages = {584--597},
  number = {5},
  __markedentry = {[chufanlai:1]},
  file = {:Automated analytical methods to support visual exploration of high-dimensional data.pdf:PDF},
  owner = {chufanlai},
  publisher = {IEEE},
  timestamp = {2015.04.08}
}

@INPROCEEDINGS{tatu2009combining,
  author = {Tatu, Andrada and Albuquerque, Georgia and Eisemann, Martin and Schneidewind,
	J{\"o}rn and Theisel, Holger and Magnor, Marcus and Keim, Daniel},
  title = {Combining automated analysis and visualization techniques for effective
	exploration of high-dimensional data},
  booktitle = {Visual Analytics Science and Technology, 2009. VAST 2009. IEEE Symposium
	on},
  year = {2009},
  pages = {59--66},
  organization = {IEEE},
  __markedentry = {[chufanlai:1]},
  file = {:Combining automated analysis and visualization techniques for effective exploration of high-dimensional data.pdf:PDF},
  owner = {chufanlai},
  timestamp = {2015.04.08}
}

@INPROCEEDINGS{theisel2000higher,
  author = {Theisel, Holger},
  title = {Higher Order Parallel Coordinates.},
  booktitle = {VMV},
  year = {2000},
  pages = {415--420},
  __markedentry = {[chufanlai:1]},
  file = {:Higher order parallel coordinates.pdf:PDF},
  owner = {chufanlai},
  timestamp = {2015.05.22}
}

@ARTICLE{tory2005parallel,
  author = {Tory, Melanie and Potts, Simeon and Moller, Torsten},
  title = {A parallel coordinates style interface for exploratory volume visualization},
  journal = {Visualization and Computer Graphics, IEEE Transactions on},
  year = {2005},
  volume = {11},
  pages = {71--80},
  number = {1},
  __markedentry = {[chufanlai:1]},
  file = {:A parallel coordinates style interface for exploratory volume visualization.pdf:PDF},
  owner = {chufanlai},
  publisher = {IEEE},
  timestamp = {2015.04.08}
}

@ARTICLE{turkay2011brushing,
  author = {Turkay, Cagatay and Filzmoser, Peter and Hauser, Helwig},
  title = {Brushing dimensions-a dual visual analysis model for high-dimensional
	data},
  journal = {Visualization and Computer Graphics, IEEE Transactions on},
  year = {2011},
  volume = {17},
  pages = {2591--2599},
  number = {12},
  __markedentry = {[chufanlai:5]},
  file = {:Brushing dimensions-a dual visual analysis model for high-dimensional data.pdf:PDF},
  owner = {chufanlai},
  publisher = {IEEE},
  timestamp = {2015.04.08}
}

@INPROCEEDINGS{van2005value,
  author = {Van Wijk, Jarke J},
  title = {The value of visualization},
  booktitle = {Visualization, 2005. VIS 05. IEEE},
  year = {2005},
  pages = {79--86},
  organization = {IEEE},
  __markedentry = {[chufanlai:1]},
  file = {:The Value of Visualization.pdf:PDF},
  owner = {chufanlai},
  timestamp = {2015.04.22}
}

@ARTICLE{viau2010flowvizmenu,
  author = {Viau, Christophe and McGuffin, Michael J and Chiricota, Yves and
	Jurisica, Igor},
  title = {The FlowVizMenu and parallel scatterplot matrix: Hybrid multidimensional
	visualizations for network exploration},
  journal = {Visualization and Computer Graphics, IEEE Transactions on},
  year = {2010},
  volume = {16},
  pages = {1100--1108},
  number = {6},
  __markedentry = {[chufanlai:1]},
  file = {:The FlowVizMenu and parallel scatterplot matrix\: Hybrid multidimensional visualizations for network exploration.pdf:PDF},
  owner = {chufanlai},
  publisher = {IEEE},
  timestamp = {2015.04.08}
}

@INPROCEEDINGS{wegenkittl1997visualizing,
  author = {Wegenkittl, Rainer and Loffelmann, Helwig and Groller, Eduard},
  title = {Visualizing the behaviour of higher dimensional dynamical systems},
  booktitle = {Visualization'97., Proceedings},
  year = {1997},
  pages = {119--125},
  organization = {IEEE},
  __markedentry = {[chufanlai:1]},
  file = {:Visualizing the Behavior of Higher Dimensional Dynamical Systems.pdf:PDF},
  owner = {chufanlai},
  timestamp = {2015.05.03}
}

@ARTICLE{wilkinson2006high,
  author = {Wilkinson, Leland and Anand, Anushka and Grossman, Robert},
  title = {High-dimensional visual analytics: Interactive exploration guided
	by pairwise views of point distributions},
  journal = {Visualization and Computer Graphics, IEEE Transactions on},
  year = {2006},
  volume = {12},
  pages = {1363--1372},
  number = {6},
  __markedentry = {[chufanlai:1]},
  file = {:High-Dimensional Visual Analytics\: Interactive Exploration Guided by Pairwise Views of Point Distributions.pdf:PDF},
  owner = {chufanlai},
  publisher = {IEEE},
  timestamp = {2015.04.27}
}

@INPROCEEDINGS{wong199430,
  author = {Wong, Pak Chung and Bergeron, R Daniel},
  title = {30 Years of Multidimensional Multivariate Visualization.},
  __markedentry = {[chufanlai:1]},
  file = {:30 Years of Multidimensional Multivariate Visualization.pdf:PDF},
  owner = {chufanlai},
  timestamp = {2015.04.09}
}

@INPROCEEDINGS{wong1996multiresolution,
  author = {Wong, Pak Chung and Bergeron, R Daniel},
  title = {Multiresolution multidimensional wavelet brushing},
  booktitle = {Visualization'96. Proceedings.},
  year = {1996},
  pages = {141--148},
  organization = {IEEE},
  __markedentry = {[chufanlai:1]},
  file = {:Multiresolution Multidimensional Wavelet Brushing.pdf:PDF},
  owner = {chufanlai},
  timestamp = {2015.05.25}
}

@INPROCEEDINGS{yang2003interactive,
  author = {Yang, Jing and Peng, Wei and Ward, Matthew O and Rundensteiner, Elke
	A},
  title = {Interactive hierarchical dimension ordering, spacing and filtering
	for exploration of high dimensional datasets},
  booktitle = {Information Visualization, 2003. INFOVIS 2003. IEEE Symposium on},
  year = {2003},
  pages = {105--112},
  organization = {IEEE},
  __markedentry = {[chufanlai:1]},
  file = {:Interactive hierarchical dimension ordering, spacing and filtering for exploration of high dimensional datasets.pdf:PDF},
  owner = {chufanlai},
  timestamp = {2015.04.08}
}

@ARTICLE{yang2002visual,
  author = {Yang, Jing and Ward, Matthew O and Rundensteiner, Elke A},
  title = {Visual hierarchical dimension reduction for exploration of high dimensional
	datasets},
  year = {2002},
  owner = {Administrator},
  timestamp = {2015.06.15}
}

@ARTICLE{yuan2009scattering,
  author = {Yuan, Xiaoru and Guo, Peihong and Xiao, He and Zhou, Hong and Qu,
	Huamin},
  title = {Scattering points in parallel coordinates},
  journal = {Visualization and Computer Graphics, IEEE Transactions on},
  year = {2009},
  volume = {15},
  pages = {1001--1008},
  number = {6},
  __markedentry = {[chufanlai:1]},
  file = {:Scattering points in parallel coordinates.pdf:PDF},
  owner = {chufanlai},
  publisher = {IEEE},
  timestamp = {2015.04.08}
}

@INPROCEEDINGS{zhang2012network,
  author = {Zhang, Zhiyuan and McDonnell, Kevin T and Mueller, Klaus},
  title = {A network-based interface for the exploration of high-dimensional
	data spaces},
  booktitle = {Pacific Visualization Symposium (PacificVis), 2012 IEEE},
  year = {2012},
  pages = {17--24},
  organization = {IEEE},
  __markedentry = {[chufanlai:1]},
  file = {:A network-based interface for the exploration of high-dimensional data spaces.pdf:PDF},
  owner = {chufanlai},
  timestamp = {2015.04.08}
}

@INPROCEEDINGS{zhou2009splatting,
  author = {Zhou, Hong and Cui, Weiwei and Qu, Huamin and Wu, Yingcai and Yuan,
	Xiaoru and Zhuo, Wei},
  title = {Splatting the lines in parallel coordinates},
  booktitle = {Computer Graphics Forum},
  year = {2009},
  volume = {28},
  number = {3},
  pages = {759--766},
  organization = {Wiley Online Library},
  __markedentry = {[chufanlai:1]},
  file = {:Splatting the lines in parallel coordinates.pdf:PDF},
  owner = {chufanlai},
  timestamp = {2015.04.08}
}

@INPROCEEDINGS{zhou2014parallel,
  author = {Zhou, Hong and Xu, Panpan and Ming, Zhong and Qu, Huamin},
  title = {Parallel Coordinates with Data Labels},
  booktitle = {Proceedings of the 7th International Symposium on Visual Information
	Communication and Interaction},
  year = {2014},
  pages = {49},
  organization = {ACM},
  __markedentry = {[chufanlai:1]},
  file = {:Parallel Coordinates with Data Labels.pdf:PDF},
  owner = {chufanlai},
  timestamp = {2015.04.09}
}

@INPROCEEDINGS{zhou2008visual,
  author = {Zhou, Hong and Yuan, Xiaoru and Qu, Huamin and Cui, Weiwei and Chen,
	Baoquan},
  title = {Visual clustering in parallel coordinates},
  booktitle = {Computer Graphics Forum},
  year = {2008},
  volume = {27},
  number = {3},
  pages = {1047--1054},
  organization = {Wiley Online Library},
  __markedentry = {[chufanlai:1]},
  file = {:Visual clustering in parallel coordinates.pdf:PDF},
  owner = {chufanlai},
  timestamp = {2015.04.08}
}

@comment{jabref-meta: groupsversion:3;}

@comment{jabref-meta: groupstree:
0 AllEntriesGroup:;
1 ExplicitGroup:Perception\;0\;dasgupta2010pargnostics\;holten2010eval
uation\;johansson2008perceiving\;johansson2008screen\;li2010judging\;t
atu2009combining\;;
1 ExplicitGroup:Survey\;0\;146402\;albuquerque2009quality\;bertini2011
quality\;grinstein2001high\;heinrich2013state\;inselberg1985plane\;ins
elberg2009parallel\;siirtola2006interacting\;siirtola2009visual\;van20
05value\;wong199430\;;
1 ExplicitGroup:Data\;0\;barlow2004animator\;bendix2005parallel\;blaas
2008extensions\;collins2009parallel\;dasgupta2011adaptive\;dasgupta201
2conceptualizing\;feng2010matching\;heinrich2009continuous\;heinrich20
11progressive\;hofmann2013common\;johansson2007depth\;kosara2006parall
el\;lehmann2011features\;rosario2004mapping\;rosenbaum2012progressive\
;;
1 ExplicitGroup:Application\;0\;berger2011uncertainty\;caat2007design\
;gratzl2013lineup\;guo2011multi\;guo2011tripvista\;qu2007visual\;tory2
005parallel\;;
1 ExplicitGroup:AxesPlacement\;0\;claessen2011flexible\;fanea2005inter
active\;heinrich2012parallel\;johansson20053\;lind2009many\;viau2010fl
owvizmenu\;;
1 ExplicitGroup:AxesReordering\;0\;ankerst1998similarity\;ferdosi2011v
isualizing\;johansson2009interactive\;tatu2011automated\;wilkinson2006
high\;yang2003interactive\;zhang2012network\;;
1 ExplicitGroup:ClutterReduction\;0\;artero2004uncovering\;dang2010sta
cking\;ellis2006enabling\;fua1999hierarchical\;geng2011angular\;guo201
0interactive\;heinrich2011evaluation\;johansson2005revealing\;johansso
n2006revealing\;mcdonnell2008illustrative\;muigg2011visual\;novotny200
6outlier\;palmas2014edge\;peng2004clutter\;siirtola2000direct\;wong199
6multiresolution\;zhou2008visual\;zhou2009splatting\;;
1 ExplicitGroup:Interaction\;0\;fua1999navigating\;fua2000structure\;h
auser2002angular\;martin1995high\;;
1 ExplicitGroup:LineImprovement\;0\;graham2003using\;moustafa2002some\
;yuan2009scattering\;zhou2014parallel\;;
}

