% This file was created with JabRef 2.10.
% Encoding: UTF-8


@InProceedings{artero2004uncovering,
  Title                    = {Uncovering clusters in crowded parallel coordinates visualizations},
  Author                   = {Artero, Almir Olivette and de Oliveira, Maria Cristina Ferreira and Levkowitz, Haim},
  Booktitle                = {Information Visualization, 2004. INFOVIS 2004. IEEE Symposium on},
  Year                     = {2004},
  Organization             = {IEEE},
  Pages                    = {81--88},

  __markedentry            = {[chufanlai:]},
  File                     = {:Uncovering clusters in crowded parallel coordinates visualizations.pdf:PDF},
  Owner                    = {chufanlai},
  Timestamp                = {2015.04.08}
}

@Article{caat2007design,
  Title                    = {Design and evaluation of tiled parallel coordinate visualization of multichannel EEG data},
  Author                   = {Caat, M ten and Maurits, Natasha M and Roerdink, Jos BTM},
  Journal                  = {Visualization and Computer Graphics, IEEE Transactions on},
  Year                     = {2007},
  Number                   = {1},
  Pages                    = {70--79},
  Volume                   = {13},
  File                     = {:Design and evaluation of tiled parallel coordinate visualization of multichannel EEG data.pdf:PDF},
  Owner                    = {chufanlai},
  Publisher                = {IEEE},
  Timestamp                = {2015.04.08}
}

@Article{dang2010stacking,
  Title                    = {Stacking graphic elements to avoid over-plotting},
  Author                   = {Dang, Tuan Nhon and Wilkinson, Leland and Anand, Anushka},
  Journal                  = {Visualization and Computer Graphics, IEEE Transactions on},
  Year                     = {2010},
  Number                   = {6},
  Pages                    = {1044--1052},
  Volume                   = {16},

  __markedentry            = {[chufanlai:]},
  File                     = {:Stacking Graphic Elements to Avoid Over-Plotting.pdf:PDF},
  Owner                    = {chufanlai},
  Publisher                = {IEEE},
  Timestamp                = {2015.04.08}
}

@Article{ellis2006enabling,
  Title                    = {Enabling automatic clutter reduction in parallel coordinate plots},
  Author                   = {Ellis, Geoffrey and Dix, Alan},
  Journal                  = {Visualization and Computer Graphics, IEEE Transactions on},
  Year                     = {2006},
  Number                   = {5},
  Pages                    = {717--724},
  Volume                   = {12},

  __markedentry            = {},
  File                     = {:Enabling automatic clutter reduction in parallel coordinate plots.pdf:PDF},
  Owner                    = {chufanlai},
  Publisher                = {IEEE},
  Timestamp                = {2015.04.08}
}

@InProceedings{fua1999hierarchical,
  Title                    = {Hierarchical parallel coordinates for exploration of large datasets},
  Author                   = {Fua, Ying-Huey and Ward, Matthew O and Rundensteiner, Elke A},
  Booktitle                = {Proceedings of the conference on Visualization'99: celebrating ten years},
  Year                     = {1999},
  Organization             = {IEEE Computer Society Press},
  Pages                    = {43--50},
  File                     = {:Hierarchical parallel coordinates for exploration of large datasets.pdf:PDF},
  Owner                    = {chufanlai},
  Timestamp                = {2015.04.08}
}

@Article{geng2011angular,
  Title                    = {Angular histograms: Frequency-based visualizations for large, high dimensional data},
  Author                   = {Geng, Zhao and Peng, ZhenMin and Laramee, Robert S and Roberts, Jonathan C and Walker, Rick},
  Journal                  = {Visualization and Computer Graphics, IEEE Transactions on},
  Year                     = {2011},
  Number                   = {12},
  Pages                    = {2572--2580},
  Volume                   = {17},
  File                     = {:Angular histograms\: Frequency-based visualiza- tions for large, high dimensional data.pdf:PDF},
  Owner                    = {chufanlai},
  Publisher                = {IEEE},
  Timestamp                = {2015.04.08}
}

@InProceedings{graham2003using,
  Title                    = {Using curves to enhance parallel coordinate visualisations},
  Author                   = {Graham, Martin and Kennedy, Jessie},
  Booktitle                = {Information Visualization, 2003. IV 2003. Proceedings. Seventh International Conference on},
  Year                     = {2003},
  Organization             = {IEEE},
  Pages                    = {10--16},

  __markedentry            = {[chufanlai:]},
  File                     = {:Using curves to enhance parallel coordinate visualisations.pdf:PDF},
  Owner                    = {chufanlai},
  Timestamp                = {2015.04.08}
}

@InProceedings{guo2010interactive,
  Title                    = {Interactive local clustering operations for high dimensional data in parallel coordinates},
  Author                   = {Guo, Peihong and Xiao, He and Wang, Zuchao and Yuan, Xiaoru},
  Booktitle                = {Pacific Visualization Symposium (PacificVis), 2010 IEEE},
  Year                     = {2010},
  Organization             = {IEEE},
  Pages                    = {97--104},
  File                     = {:Interactive local clustering operations for high dimensional data in parallel coordinates.pdf:PDF},
  Owner                    = {chufanlai},
  Timestamp                = {2015.04.08}
}

@Article{heinrich2011evaluation,
  Title                    = {Evaluation of a bundling technique for parallel coordinates},
  Author                   = {Heinrich, Julian and Luo, Yuan and Kirkpatrick, Arthur E and Zhang, Hao and Weiskopf, Daniel},
  Journal                  = {arXiv preprint arXiv:1109.6073},
  Year                     = {2011},
  File                     = {:Evaluation of a bundling technique for parallel coordinates.pdf:PDF},
  Owner                    = {chufanlai},
  Timestamp                = {2015.04.08}
}

@Article{heinrich2009continuous,
  Title                    = {Continuous parallel coordinates},
  Author                   = {Heinrich, Julian and Weiskopf, Daniel},
  Journal                  = {Visualization and Computer Graphics, IEEE Transactions on},
  Year                     = {2009},
  Number                   = {6},
  Pages                    = {1531--1538},
  Volume                   = {15},
  File                     = {:Continuous parallel coordinates.pdf:PDF},
  Owner                    = {chufanlai},
  Publisher                = {IEEE},
  Timestamp                = {2015.04.06}
}

@InProceedings{johansson2008screen,
  Title                    = {A screen space quality method for data abstraction},
  Author                   = {Johansson, Jimmy and Cooper, Matthew},
  Booktitle                = {Computer Graphics Forum},
  Year                     = {2008},
  Number                   = {3},
  Organization             = {Wiley Online Library},
  Pages                    = {1039--1046},
  Volume                   = {27},
  File                     = {:A screen space quality method for data abstraction.pdf:PDF},
  Owner                    = {chufanlai},
  Timestamp                = {2015.04.08}
}

@InProceedings{johansson2005revealing,
  Title                    = {Revealing structure within clustered parallel coordinates displays},
  Author                   = {Johansson, Jimmy and Ljung, Patric and Jern, Mikael and Cooper, Matthew},
  Booktitle                = {Information Visualization, 2005. INFOVIS 2005. IEEE Symposium on},
  Year                     = {2005},
  Organization             = {IEEE},
  Pages                    = {125--132},

  __markedentry            = {[chufanlai:]},
  File                     = {:Revealing structure within clustered parallel coordinates displays.pdf:PDF},
  Owner                    = {chufanlai},
  Timestamp                = {2015.04.08}
}

@Article{lehmann2011features,
  Title                    = {Features in continuous parallel coordinates},
  Author                   = {Lehmann, Dirk J and Theisel, Holger},
  Journal                  = {Visualization and Computer Graphics, IEEE Transactions on},
  Year                     = {2011},
  Number                   = {12},
  Pages                    = {1912--1921},
  Volume                   = {17},
  File                     = {:Features in continuous parallel coordinates.pdf:PDF},
  Owner                    = {chufanlai},
  Publisher                = {IEEE},
  Timestamp                = {2015.04.08}
}

@InProceedings{mcdonnell2008illustrative,
  Title                    = {Illustrative parallel coordinates},
  Author                   = {McDonnell, Kevin T and Mueller, Klaus},
  Booktitle                = {Computer Graphics Forum},
  Year                     = {2008},
  Number                   = {3},
  Organization             = {Wiley Online Library},
  Pages                    = {1031--1038},
  Volume                   = {27},
  File                     = {:Illustrative parallel coordinates.pdf:PDF},
  Owner                    = {chufanlai},
  Timestamp                = {2015.04.08}
}

@InProceedings{muigg2011visual,
  Title                    = {Visual Coherence for Large-Scale Line-Plot Visualizations},
  Author                   = {Muigg, Philipp and Hadwiger, Markus and Doleisch, Helmut and Gr{\"o}ller, Eduard},
  Booktitle                = {Computer Graphics Forum},
  Year                     = {2011},
  Number                   = {3},
  Organization             = {Wiley Online Library},
  Pages                    = {643--652},
  Volume                   = {30},

  __markedentry            = {[chufanlai:]},
  File                     = {:Visual Coherence for Large‐Scale Line‐Plot Visualizations.pdf:PDF},
  Owner                    = {chufanlai},
  Timestamp                = {2015.04.08}
}

@Article{novotny2006outlier,
  Title                    = {Outlier-preserving focus+ context visualization in parallel coordinates},
  Author                   = {Novotny, Matej and Hauser, Helwig},
  Journal                  = {Visualization and Computer Graphics, IEEE Transactions on},
  Year                     = {2006},
  Number                   = {5},
  Pages                    = {893--900},
  Volume                   = {12},
  File                     = {:Outlier-preserving focus+ context visualization in parallel coordinates.pdf:PDF},
  Owner                    = {chufanlai},
  Publisher                = {IEEE},
  Timestamp                = {2015.04.08}
}

@InProceedings{palmas2014edge,
  Title                    = {An edge-bundling layout for interactive parallel coordinates},
  Author                   = {Palmas, Gregorio and Bachynskyi, Myroslav and Oulasvirta, Antti and Seidel, Hans Peter and Weinkauf, Tino},
  Booktitle                = {Pacific Visualization Symposium (PacificVis), 2014 IEEE},
  Year                     = {2014},
  Organization             = {IEEE},
  Pages                    = {57--64},
  File                     = {:An edge-bundling layout for interactive parallel coordinates.pdf:PDF},
  Owner                    = {chufanlai},
  Timestamp                = {2015.04.09}
}

@InProceedings{peng2004clutter,
  Title                    = {Clutter reduction in multi-dimensional data visualization using dimension reordering},
  Author                   = {Peng, Wei and Ward, Matthew O and Rundensteiner, Elke A},
  Booktitle                = {Information Visualization, 2004. INFOVIS 2004. IEEE Symposium on},
  Year                     = {2004},
  Organization             = {IEEE},
  Pages                    = {89--96},
  File                     = {:Clutter reduction in multi-dimensional data visualization using dimension reordering.pdf:PDF},
  Owner                    = {chufanlai},
  Timestamp                = {2015.04.08}
}

@InProceedings{siirtola2000direct,
  Title                    = {Direct manipulation of parallel coordinates},
  Author                   = {Siirtola, Harri},
  Booktitle                = {Information Visualization, 2000. Proceedings. IEEE International Conference on},
  Year                     = {2000},
  Organization             = {IEEE},
  Pages                    = {373--378},
  File                     = {:Direct manipulation of parallel coordinates.pdf:PDF},
  Owner                    = {chufanlai},
  Timestamp                = {2015.04.08}
}

@InProceedings{zhou2009splatting,
  Title                    = {Splatting the lines in parallel coordinates},
  Author                   = {Zhou, Hong and Cui, Weiwei and Qu, Huamin and Wu, Yingcai and Yuan, Xiaoru and Zhuo, Wei},
  Booktitle                = {Computer Graphics Forum},
  Year                     = {2009},
  Number                   = {3},
  Organization             = {Wiley Online Library},
  Pages                    = {759--766},
  Volume                   = {28},

  __markedentry            = {[chufanlai:]},
  File                     = {:Splatting the lines in parallel coordinates.pdf:PDF},
  Owner                    = {chufanlai},
  Timestamp                = {2015.04.08}
}

@InProceedings{zhou2008visual,
  Title                    = {Visual clustering in parallel coordinates},
  Author                   = {Zhou, Hong and Yuan, Xiaoru and Qu, Huamin and Cui, Weiwei and Chen, Baoquan},
  Booktitle                = {Computer Graphics Forum},
  Year                     = {2008},
  Number                   = {3},
  Organization             = {Wiley Online Library},
  Pages                    = {1047--1054},
  Volume                   = {27},

  __markedentry            = {[chufanlai:]},
  File                     = {:Visual clustering in parallel coordinates.pdf:PDF},
  Owner                    = {chufanlai},
  Timestamp                = {2015.04.08}
}

