% This file was created with JabRef 2.10.
% Encoding: UTF-8


@Article{bachthaler2008continuous,
  Title                    = {Continuous scatterplots},
  Author                   = {Bachthaler, Sven and Weiskopf, Daniel},
  Journal                  = {Visualization and Computer Graphics, IEEE Transactions on},
  Year                     = {2008},
  Number                   = {6},
  Pages                    = {1428--1435},
  Volume                   = {14},

  __markedentry            = {[chufanlai:1]},
  File                     = {:Continuous Scatterplots.pdf:PDF},
  Owner                    = {chufanlai},
  Publisher                = {IEEE},
  Timestamp                = {2015.05.04}
}

@InProceedings{barlow2004animator,
  Title                    = {Animator: A tool for the animation of parallel coordinates},
  Author                   = {Barlow, N and Stuart, Liz J},
  Booktitle                = {Information Visualisation, 2004. IV 2004. Proceedings. Eighth International Conference on},
  Year                     = {2004},
  Organization             = {IEEE},
  Pages                    = {725--730},

  __markedentry            = {[chufanlai:1]},
  File                     = {:Animator\: A Tool for the Animation of Parallel Coordinates .pdf:PDF},
  Owner                    = {chufanlai},
  Timestamp                = {2015.04.08}
}

@InProceedings{bendix2005parallel,
  Title                    = {Parallel sets: Visual analysis of categorical data},
  Author                   = {Bendix, Fabian and Kosara, Robert and Hauser, Helwig},
  Booktitle                = {Information Visualization, 2005. INFOVIS 2005. IEEE Symposium on},
  Year                     = {2005},
  Organization             = {IEEE},
  Pages                    = {133--140},

  __markedentry            = {[chufanlai:1]},
  File                     = {:Parallel sets\: Visual analysis of categorical data.pdf:PDF},
  Owner                    = {chufanlai},
  Timestamp                = {2015.04.08}
}

@Article{blaas2008extensions,
  Title                    = {Extensions of parallel coordinates for interactive exploration of large multi-timepoint data sets},
  Author                   = {Blaas, Jorik and Botha, Charl P and Post, Frits H},
  Journal                  = {Visualization and Computer Graphics, IEEE Transactions on},
  Year                     = {2008},
  Number                   = {6},
  Pages                    = {1436--1451},
  Volume                   = {14},

  __markedentry            = {[chufanlai:1]},
  File                     = {:Extensions of parallel coordinates for interactive exploration of large multi-timepoint data sets.pdf:PDF},
  Owner                    = {chufanlai},
  Publisher                = {IEEE},
  Timestamp                = {2015.04.08}
}

@InProceedings{collins2009parallel,
  Title                    = {Parallel tag clouds to explore and analyze faceted text corpora},
  Author                   = {Collins, Christopher and Viegas, Fernanda B and Wattenberg, Martin},
  Booktitle                = {Visual Analytics Science and Technology, 2009. VAST 2009. IEEE Symposium on},
  Year                     = {2009},
  Organization             = {IEEE},
  Pages                    = {91--98},

  File                     = {:Parallel Coordinates tag clouds to explore and analyze faceted text corpora.pdf:PDF},
  Owner                    = {chufanlai},
  Timestamp                = {2015.04.08}
}

@InProceedings{dasgupta2012conceptualizing,
  Title                    = {Conceptualizing visual uncertainty in parallel coordinates},
  Author                   = {Dasgupta, Aritra and Chen, Min and Kosara, Robert},
  Booktitle                = {Computer Graphics Forum},
  Year                     = {2012},
  Number                   = {3pt2},
  Organization             = {Wiley Online Library},
  Pages                    = {1015--1024},
  Volume                   = {31},

  __markedentry            = {[chufanlai:1]},
  File                     = {:Conceptualizing visual uncertainty in parallel coordinates.pdf:PDF},
  Owner                    = {chufanlai},
  Timestamp                = {2015.04.08}
}

@Article{dasgupta2011adaptive,
  Title                    = {Adaptive privacy-preserving visualization using parallel coordinates},
  Author                   = {Dasgupta, Aritra and Kosara, Robert},
  Journal                  = {Visualization and Computer Graphics, IEEE Transactions on},
  Year                     = {2011},
  Number                   = {12},
  Pages                    = {2241--2248},
  Volume                   = {17},

  __markedentry            = {[chufanlai:1]},
  File                     = {:Adaptive privacy-preserving visualization using parallel coordinates.pdf:PDF},
  Owner                    = {chufanlai},
  Publisher                = {IEEE},
  Timestamp                = {2015.04.10}
}

@InProceedings{dietzsch2009spray,
  Title                    = {Spray: A visual analytics approach for gene expression data},
  Author                   = {Dietzsch, Janko and Heinrich, Julian and Nieselt, Kay and Bartz, Dirk},
  Booktitle                = {Visual Analytics Science and Technology, 2009. VAST 2009. IEEE Symposium on},
  Year                     = {2009},
  Organization             = {IEEE},
  Pages                    = {179--186},

  __markedentry            = {[chufanlai:1]},
  File                     = {:SpRay\: A Visual Analytics Approach for Gene Expression Data.pdf:PDF},
  Owner                    = {chufanlai},
  Timestamp                = {2015.05.02}
}

@Article{edsall2003parallel,
  Title                    = {The parallel coordinate plot in action: design and use for geographic visualization},
  Author                   = {Edsall, Robert M},
  Journal                  = {Computational Statistics \& Data Analysis},
  Year                     = {2003},
  Number                   = {4},
  Pages                    = {605--619},
  Volume                   = {43},

  __markedentry            = {[chufanlai:1]},
  File                     = {:The parallel coordinate plot in action\: design and 3 use for geographic visualization.pdf:PDF},
  Owner                    = {chufanlai},
  Publisher                = {Elsevier},
  Timestamp                = {2015.05.02}
}

@Article{feng2010matching,
  Title                    = {Matching visual saliency to confidence in plots of uncertain data},
  Author                   = {Feng, David and Kwock, Lester and Lee, Yueh and Taylor, Russell M},
  Journal                  = {Visualization and Computer Graphics, IEEE Transactions on},
  Year                     = {2010},
  Number                   = {6},
  Pages                    = {980--989},
  Volume                   = {16},

  __markedentry            = {[chufanlai:1]},
  File                     = {:Matching visual saliency to confidence in plots of uncertain data.pdf:PDF},
  Owner                    = {chufanlai},
  Publisher                = {IEEE},
  Timestamp                = {2015.04.08}
}

@InProceedings{heinrich2011progressive,
  Title                    = {Progressive splatting of continuous scatterplots and parallel coordinates},
  Author                   = {Heinrich, Julian and Bachthaler, Sven and Weiskopf, Daniel},
  Booktitle                = {Computer Graphics Forum},
  Year                     = {2011},
  Number                   = {3},
  Organization             = {Wiley Online Library},
  Pages                    = {653--662},
  Volume                   = {30},

  __markedentry            = {[chufanlai:1]},
  File                     = {:Progressive splatting of continuous scatterplots and parallel coordinates.pdf:PDF},
  Owner                    = {chufanlai},
  Timestamp                = {2015.04.08}
}

@Article{heinrich2009continuous,
  Title                    = {Continuous parallel coordinates},
  Author                   = {Heinrich, Julian and Weiskopf, Daniel},
  Journal                  = {Visualization and Computer Graphics, IEEE Transactions on},
  Year                     = {2009},
  Number                   = {6},
  Pages                    = {1531--1538},
  Volume                   = {15},

  __markedentry            = {[chufanlai:1]},
  File                     = {:Continuous parallel coordinates.pdf:PDF},
  Owner                    = {chufanlai},
  Publisher                = {IEEE},
  Timestamp                = {2015.04.06}
}

@Article{hofmann2013common,
  Title                    = {Common angle plots as perception-true visualizations of categorical associations},
  Author                   = {Hofmann, Heike and Vendettuoli, Marie},
  Journal                  = {Visualization and Computer Graphics, IEEE Transactions on},
  Year                     = {2013},
  Number                   = {12},
  Pages                    = {2297--2305},
  Volume                   = {19},

  __markedentry            = {[chufanlai:1]},
  File                     = {:Common Angle Plots as Perception-True Visualizations of Categorical Associations.pdf:PDF},
  Owner                    = {chufanlai},
  Publisher                = {IEEE},
  Timestamp                = {2015.04.28}
}

@InProceedings{johansson2007depth,
  Title                    = {Depth Cues and Density in Temporal Parallel Coordinates.},
  Author                   = {Johansson, Jimmy and Ljung, Patric and Cooper, Matthew D},
  Booktitle                = {EuroVis},
  Year                     = {2007},
  Pages                    = {35--42},
  Volume                   = {7},

  __markedentry            = {[chufanlai:1]},
  File                     = {:Depth cues and density in temporal parallel coordinates.pdf:PDF},
  Owner                    = {chufanlai},
  Timestamp                = {2015.04.08}
}

@Article{kosara2006parallel,
  Title                    = {Parallel sets: Interactive exploration and visual analysis of categorical data},
  Author                   = {Kosara, Robert and Bendix, Fabian and Hauser, Helwig},
  Journal                  = {Visualization and Computer Graphics, IEEE Transactions on},
  Year                     = {2006},
  Number                   = {4},
  Pages                    = {558--568},
  Volume                   = {12},

  __markedentry            = {[chufanlai:1]},
  File                     = {:Parallel sets\: Interactive exploration and visual analysis of categorical data.pdf:PDF},
  Owner                    = {chufanlai},
  Publisher                = {IEEE},
  Timestamp                = {2015.04.08}
}

@Article{lehmann2011features,
  Title                    = {Features in continuous parallel coordinates},
  Author                   = {Lehmann, Dirk J and Theisel, Holger},
  Journal                  = {Visualization and Computer Graphics, IEEE Transactions on},
  Year                     = {2011},
  Number                   = {12},
  Pages                    = {1912--1921},
  Volume                   = {17},

  __markedentry            = {[chufanlai:1]},
  File                     = {:Features in continuous parallel coordinates.pdf:PDF},
  Owner                    = {chufanlai},
  Publisher                = {IEEE},
  Timestamp                = {2015.04.08}
}

@Article{pang1997approaches,
  Title                    = {Approaches to uncertainty visualization},
  Author                   = {Pang, Alex T and Wittenbrink, Craig M and Lodha, Suresh K},
  Journal                  = {The Visual Computer},
  Year                     = {1997},
  Number                   = {8},
  Pages                    = {370--390},
  Volume                   = {13},

  __markedentry            = {[chufanlai:1]},
  File                     = {:Approaches to uncertainty visualization.pdf:PDF},
  Owner                    = {chufanlai},
  Publisher                = {Springer},
  Timestamp                = {2015.05.06}
}

@Article{rosario2004mapping,
  Title                    = {Mapping nominal values to numbers for effective visualization},
  Author                   = {Rosario, Geraldine E and Rundensteiner, Elke A and Brown, David C and Ward, Matthew O and Huang, Shiping},
  Journal                  = {Information Visualization},
  Year                     = {2004},
  Number                   = {2},
  Pages                    = {80--95},
  Volume                   = {3},

  __markedentry            = {[chufanlai:1]},
  File                     = {:Mapping Nominal Values to Numbers for Effective Visualization.pdf:PDF},
  Owner                    = {chufanlai},
  Publisher                = {SAGE Publications},
  Timestamp                = {2015.04.26}
}

@InProceedings{rosenbaum2012progressive,
  Title                    = {Progressive parallel coordinates},
  Author                   = {Rosenbaum, Ren{\'e} and Zhi, Jian and Hamann, Bernd},
  Booktitle                = {Pacific Visualization Symposium (PacificVis), 2012 IEEE},
  Year                     = {2012},
  Organization             = {IEEE},
  Pages                    = {25--32},

  __markedentry            = {[chufanlai:1]},
  File                     = {:Progressive parallel coordinates.pdf:PDF},
  Owner                    = {chufanlai},
  Timestamp                = {2015.04.08}
}

@InProceedings{wegenkittl1997visualizing,
  Title                    = {Visualizing the behaviour of higher dimensional dynamical systems},
  Author                   = {Wegenkittl, Rainer and Loffelmann, Helwig and Groller, Eduard},
  Booktitle                = {Visualization'97., Proceedings},
  Year                     = {1997},
  Organization             = {IEEE},
  Pages                    = {119--125},

  __markedentry            = {[chufanlai:1]},
  File                     = {:Visualizing the Behavior of Higher Dimensional Dynamical Systems.pdf:PDF},
  Owner                    = {chufanlai},
  Timestamp                = {2015.05.03}
}

